
% phdthesis  - PHD
% mastersthesis - Master

@article{Silva_Escarpinati_Backes_2021,
    author={Silva, Renato Rodrigues da and Escarpinati, Mauricio Cunha and Backes, André Ricardo},
    title={{Sugarcane crop line detection from UAV images using genetic algorithm and Radon transform}},
    ISSN={1863-1703, 1863-1711},
    url={https://doi.org/10.1007/s11760-021-01908-3},
    DOI={10.1007/s11760-021-01908-3},
    journal={Signal, Image and Video Processing},
    year={2021},
    month={Apr},
} %url={https://link.springer.com/10.1007/s11760-021-01908-3}, 

@mastersthesis{Silva_2020,
    author={Silva, Renato Rodrigues da},
    title={{Detection of Sugarcane Crop Rows From UAV Images Using Semantic Segmentation and Radon Transform}},
    url={https://dx.doi.org/10.14393/ufu.di.2020.736},
    DOI={10.14393/ufu.di.2020.736},
    school={Universidade Federal de Uberlândia},
    year={2020},
    month={Dec},
} % url={https://repositorio.ufu.br/handle/123456789/31012},
% ---

% PA
@article{Blasch_2020,
    author={Blasch, J and van der Kroon, B and van Beukering, P and Munster, R and Fabiani, S and Nino, P and Vanino, S},
    title={{Farmer preferences for adopting precision farming technologies: a case study from Italy}},
    ISSN={0165-1587},
    url={https://doi.org/10.1093/erae/jbaa031},
    DOI={10.1093/erae/jbaa031},
    journal={European Review of Agricultural Economics},
    year={2020},
    month={Dec},
} %number={jbaa031},

@article{Bolfe_2020,
    author={Bolfe, \`{E}dson Luis and Jorge, Lúcio André de Castro and Sanches, Ieda Del’Arco and Luchiari Júnior, Ariovaldo and da Costa, Cinthia Cabral and Victoria, Daniel de Castro and Inamasu, Ricardo Yassushi and Grego, Célia Regina and Ferreira, Victor Rodrigues and Ramirez, Andrea Restrepo},
    title={{Precision and Digital Agriculture: Adoption of Technologies and Perception of Brazilian Farmers}},
    volume={10},
    url={https://doi.org/10.3390/agriculture10120653},
    DOI={10.3390/agriculture10120653},
    number={1212},
    journal={Agriculture},
    publisher={Multidisciplinary Digital Publishing Institute},
    year={2020},
    month={Dec},
    pages={653},
} %url={https://www.mdpi.com/2077-0472/10/12/653},

% ---

% UAV
@article{Delavarpour_2021,
    author={Delavarpour, Nadia and Koparan, Cengiz and Nowatzki, John and Bajwa, Sreekala and Sun, Xin},
    title={{A Technical Study on UAV Characteristics for Precision Agriculture Applications and Associated Practical Challenges}},
    volume={13},
    url={https://doi.org/10.3390/rs13061204},
    DOI={10.3390/rs13061204},
    number={66},
    journal={Remote Sensing},
    publisher={Multidisciplinary Digital Publishing Institute},
    year={2021},
    month={Jan},
    pages={1204},
} % url={https://www.mdpi.com/2072-4292/13/6/1204},

@inproceedings{Hassanein_2019,
    author={Hassanein, M. and Khedr, M. and El-Sheimy, N.},
    title={{Crop row detection procedure using low-cost UAV imagery system}},
    volume={XLII-2-W13},
    ISSN={1682-1750},
    url={https://doi.org/10.5194/isprs-archives-XLII-2-W13-349-2019},
    DOI={10.5194/isprs-archives-XLII-2-W13-349-2019},
    booktitle={The International Archives of the Photogrammetry, Remote Sensing and Spatial Information Sciences},
    publisher={Copernicus GmbH},
    year={2019},
    month={Jun},
    pages={349–356},
} % url={https://www.int-arch-photogramm-remote-sens-spatial-inf-sci.net/XLII-2-W13/349/2019/},

@article{Messina_2020,
    author={Messina, Gaetano and Peña, Jose M. and Vizzari, Marco and Modica, Giuseppe},
    title={{A Comparison of UAV and Satellites Multispectral Imagery in Monitoring Onion Crop. An Application in the ‘Cipolla Rossa di Tropea’ (Italy)}},
    volume={12},
    url={https://doi.org/10.3390/rs12203424},
    DOI={10.3390/rs12203424},
    number={2020},
    journal={Remote Sensing},
    publisher={Multidisciplinary Digital Publishing Institute},
    year={2020},
    month={Jan},
    pages={3424},
} %url={https://www.mdpi.com/2072-4292/12/20/3424},

@article{Candiago_2015,
    author={Candiago, Sebastian and Remondino, Fabio and De Giglio, Michaela and Dubbini, Marco and Gattelli, Mario},
    title={{Evaluating Multispectral Images and Vegetation Indices for Precision Farming Applications from UAV Images}},
    volume={7},
    url={https://doi.org/10.3390/rs70404026},
    DOI={10.3390/rs70404026},
    number={44},
    journal={Remote Sensing},
    publisher={Multidisciplinary Digital Publishing Institute},
    year={2015},
    month={Apr},
    pages={4026–4047},
} % url={https://www.mdpi.com/2072-4292/7/4/4026},


%---

%sugarcane
@article{Souza_2017,
    author={Souza, Carlos Henrique Wachholz de and Lamparelli, Rubens Augusto Camargo and Rocha, Jansle Vieira and Magalhães, Paulo Sergio Graziano},
    title={{Mapping skips in sugarcane fields using object-based analysis of unmanned aerial vehicle (UAV) images}},
    volume={143},
    ISSN={0168-1699},
    url={https://doi.org/10.1016/j.compag.2017.10.006},
    DOI={10.1016/j.compag.2017.10.006},
    journal={Computers and Electronics in Agriculture},
    year={2017},
    month={Dec},
    pages={49–56},
} % url={https://www.sciencedirect.com/science/article/pii/S0168169917312243},


@inproceedings{Souza_2018,
    author={Souza, Iuri R. and Escarpinati, Mauricio C. and Abdala, Daniel D.},
    title={{A curve completion algorithm for agricultural planning}},
    place={Pau France},
    ISBN={978-1-4503-5191-1},
    url={https://doi.org/10.1145/3167132.3167158},
    DOI={10.1145/3167132.3167158},
    booktitle={Proceedings of the 33rd Annual ACM Symposium on Applied Computing},
    publisher={ACM},
    year={2018},
    month={Apr},
    pages={284–291},
} % url={https://dl.acm.org/doi/10.1145/3167132.3167158},

@misc{Inforow_2021,
    author={{InfoRow}},
    title={Inforow - Análise de forma inteligente},
    year={2021},
    url={https://inforow.com.br/},
    urlaccessdate={12 de Setembro de 2021},
}

@misc{AERO_2017,
    author={AERO},
    title={Identificação de falhas em linha de plantio – A aplicação dos drones no setor sucroenergético},
    url={https://www.aerodronebrasil.com/2017/11/20/falhas-em-linha-de-plantio/},
    year={2017},
    urlaccessdate={09 de Setembro de 2021},
}

@misc{Sensix_2020,
    author={Carlos Ribeiro},
    title={Drones na mensuração de falhas de plantio em cana-de-açúcar},
    url={https://blog.sensix.ag/drones-na-mensuracao-de-falhas-de-plantio-em-cana-de-acucar/},
    year={2020},
    urlaccessdate={07 de Setembro de 2021},
}

@misc{Ritchie_2020,
    author={Ritchie, Hannah and Roser, Max},
    title={{Agricultural Production}},
    url={https://ourworldindata.org/agricultural-production},
    journal={Our World in Data},
    year={2020},
    urlaccessdate={13 de Setembro de 2021},
}

%---
