%%Neste arquivo devem conter as informações bibliográficas
%2016
@article{anura2016,
  title={Computer-aided molecular pathology interpretation in exploring prospective markers for oral submucous fibrosis progression},
  author={Anura, Anji and Conjeti, Sailesh and Das, Raunak Kumar and Pal, Mousumi and Paul, Ranjan Rashmi and Bag, Swarnendu and Ray, Ajoy Kumar and Chatterjee, Jyotirmoy},
  journal={Head \& neck},
  volume={38},
  number={5},
  pages={653--669},
  year={2016},
  publisher={Wiley Online Library}
}

@article{bejnordi2016,
  title={Automated detection of DCIS in whole-slide H\&E stained breast histopathology images},
  author={Bejnordi, Babak Ehteshami and Balkenhol, Maschenka and Litjens, Geert and Holland, Roland and Bult, Peter and Karssemeijer, Nico and van der Laak, Jeroen AWM},
  journal={IEEE transactions on medical imaging},
  volume={35},
  number={9},
  pages={2141--2150},
  year={2016},
  publisher={IEEE}
}

%2017
@article{aubreville2017,
  title={Automatic Classification of Cancerous Tissue in Laserendomicroscopy Images of the Oral Cavity using Deep Learning},
  author={Aubreville, Marc and Knipfer, Christian and Oetter, Nicolai and Jaremenko, Christian and Rodner, Erik and Denzler, Joachim and Bohr, Christopher and Neumann, Helmut and Stelzle, Florian and Maier, Andreas},
  journal={arXiv preprint arXiv:1703.01622},
  year={2017}
}