@article{ZITOVA2003977,
title = "Image registration methods: a survey",
journal = "Image and Vision Computing",
volume = "21",
number = "11",
pages = "977 - 1000",
year = "2003",
issn = "0262-8856",
doi = "https://doi.org/10.1016/S0262-8856(03)00137-9",
url = "http://www.sciencedirect.com/science/article/pii/S0262885603001379",
author = "Barbara Zitová and Jan Flusser",
}

@article{RANSAC,
 author = {Fischler, Martin A. and Bolles, Robert C.},
 title = {Random Sample Consensus: A Paradigm for Model Fitting with Applications to Image Analysis and Automated Cartography},
 journal = {Commun. ACM},
 issue_date = {June 1981},
 volume = {24},
 number = {6},
 month = jun,
 year = {1981},
 issn = {0001-0782},
 pages = {381--395},
 numpages = {15},
 url = {http://doi.acm.org/10.1145/358669.358692},
 doi = {10.1145/358669.358692},
 acmid = {358692},
 publisher = {ACM},
 address = {New York, NY, USA},
 keywords = {automated cartography, camera calibration, image matching, location determination, model fitting, scene analysis},
}

@article{fast1,
 author = {Sankaran, Sindhuja and Khot, Lav R. and Espinoza, Carlos Zúñiga and Jarolmasjed, Sanaz and Sathuvalli, Vidyasagar R. and Vandemark, George J. and Miklas, Phillip N. and Carter, Arron H. and Pumphrey, Michael O. and Knowles, N. Richard and Pavek, Mark J.},
 doi = {10.1016/j.eja.2015.07.004},
 journal = {},
 keywords = {Crop and Pasture Production},
 note = {Exported from https://app.dimensions.ai on 2018/11/20},
 number = {},
 pages = {112-123},
 title = {Low-altitude, high-resolution aerial imaging systems for row and field crop phenotyping: A review},
 url = {https://app.dimensions.ai/details/publication/pub.1006021196},
 volume = {70},
 year = {2015}
}

@article{PANTANO,
author = {Bikram Pratap Banerjee and Simitkumar Anuray Raval and Patrick Joseph Cullen},
title = {Alignment of UAV-hyperspectral bands using keypoint descriptors in a spectrally complex environment},
journal = {Remote Sensing Letters},
volume = {9},
number = {6},
pages = {524-533},
year  = {2018},
publisher = {Taylor \& Francis},
doi = {10.1080/2150704X.2018.1446564},
URL = {https://doi.org/10.1080/2150704X.2018.1446564},
eprint = {https://doi.org/10.1080/2150704X.2018.1446564}
}

@book{b7,
 author = {Gonzalez, Rafael C. and Woods, Richard E.},
 title = {Digital Image Processing (3rd Edition)},
 year = {2006},
 isbn = {013168728X},
 publisher = {Prentice-Hall, Inc.},
 address = {Upper Saddle River, NJ, USA},
} 

@inproceedings{b9,
  title={A Survey on Image Feature Descriptors},
  author={R. S. Mohan Kumar},
  year={2014}
}

@article{fast0,
 author = {Tuytelaars, Tinne and Mikolajczyk, Krystian},
 title = {Local Invariant Feature Detectors: A Survey},
 journal = {Found. Trends. Comput. Graph. Vis.},
 issue_date = {January 2008},
 volume = {3},
 number = {3},
 month = jul,
 year = {2008},
 issn = {1572-2740},
 pages = {177--280},
 numpages = {104},
 url = {http://dx.doi.org/10.1561/0600000017},
 doi = {10.1561/0600000017},
 acmid = {1391082},
 publisher = {Now Publishers Inc.},
 address = {Hanover, MA, USA},
} 

@INPROCEEDINGS{b3,
    author = {Chris Harris and Mike Stephens},
    title = {A combined corner and edge detector},
    booktitle = {In Proc. of Fourth Alvey Vision Conference},
    year = {1988},
    pages = {147--151}
}

@INPROCEEDINGS{b2, 
author={Jianbo Shi and Tomasi}, 
booktitle={1994 Proceedings of IEEE Conference on Computer Vision and Pattern Recognition}, 
title={Good features to track}, 
year={1994}, 
volume={}, 
number={}, 
pages={593-600}, 
doi={10.1109/CVPR.1994.323794}, 
ISSN={1063-6919}, 
month={June},}

@InProceedings{b5,
author="Alcantarilla, Pablo Fern{\'a}ndez
and Bartoli, Adrien
and Davison, Andrew J.",
editor="Fitzgibbon, Andrew
and Lazebnik, Svetlana
and Perona, Pietro
and Sato, Yoichi
and Schmid, Cordelia",
title="KAZE Features",
booktitle="Computer Vision -- ECCV 2012",
year="2012",
publisher="Springer Berlin Heidelberg",
address="Berlin, Heidelberg",
pages="214--227",
isbn="978-3-642-33783-3"
}

@InProceedings{SURF,
author="Bay, Herbert
and Tuytelaars, Tinne
and Van Gool, Luc",
editor="Leonardis, Ale{\v{s}}
and Bischof, Horst
and Pinz, Axel",
title="SURF: Speeded Up Robust Features",
booktitle="Computer Vision -- ECCV 2006",
year="2006",
publisher="Springer Berlin Heidelberg",
address="Berlin, Heidelberg",
pages="404--417",
abstract="In this paper, we present a novel scale- and rotation-invariant interest point detector and descriptor, coined SURF (Speeded Up Robust Features). It approximates or even outperforms previously proposed schemes with respect to repeatability, distinctiveness, and robustness, yet can be computed and compared much faster.",
isbn="978-3-540-33833-8"
}

@INPROCEEDINGS{brisk, 
author={S. Leutenegger and M. Chli and R. Y. Siegwart}, 
booktitle={2011 International Conference on Computer Vision}, 
title={BRISK: Binary Robust invariant scalable keypoints}, 
year={2011}, 
volume={}, 
number={}, 
pages={2548-2555}, 
doi={10.1109/ICCV.2011.6126542}, 
ISSN={2380-7504}, 
month={Nov},}

@InProceedings{fast,
author="Rosten, Edward
and Drummond, Tom",
editor="Leonardis, Ale{\v{s}}
and Bischof, Horst
and Pinz, Axel",
title="Machine Learning for High-Speed Corner Detection",
booktitle="Computer Vision -- ECCV 2006",
year="2006",
publisher="Springer Berlin Heidelberg",
address="Berlin, Heidelberg",
pages="430--443",
isbn="978-3-540-33833-8"
}


@Article{lowe,
author="Lowe, David G.",
title="Distinctive Image Features from Scale-Invariant Keypoints",
journal="International Journal of Computer Vision",
year="2004",
month="Nov",
day="01",
volume="60",
number="2",
pages="91--110",
issn="1573-1405",
doi="10.1023/B:VISI.0000029664.99615.94",
url="https://doi.org/10.1023/B:VISI.0000029664.99615.94"
}

@InProceedings{briskSuporte,
author="Heinly, Jared
and Dunn, Enrique
and Frahm, Jan-Michael",
editor="Fitzgibbon, Andrew
and Lazebnik, Svetlana
and Perona, Pietro
and Sato, Yoichi
and Schmid, Cordelia",
title="Comparative Evaluation of Binary Features",
booktitle="Computer Vision -- ECCV 2012",
year="2012",
publisher="Springer Berlin Heidelberg",
address="Berlin, Heidelberg",
pages="759--773",
isbn="978-3-642-33709-3"
}

@InProceedings{briskagast,
author="Mair, Elmar
and Hager, Gregory D.
and Burschka, Darius
and Suppa, Michael
and Hirzinger, Gerhard",
editor="Daniilidis, Kostas
and Maragos, Petros
and Paragios, Nikos",
title="Adaptive and Generic Corner Detection Based on the Accelerated Segment Test",
booktitle="Computer Vision -- ECCV 2010",
year="2010",
publisher="Springer Berlin Heidelberg",
address="Berlin, Heidelberg",
pages="183--196",
isbn="978-3-642-15552-9"
}

@MastersThesis{kazeSuporte,
    title    = {A comparison of object detection algorithms using unmanipulated testing images: Comparing SIFT, KAZE, AKAZE and ORB},
    author   = {O. Andersson and S. Reyna Marquez},
    year     = {2016},
    school = {KTH, School of Computer Science and Communication (CSC)}
}

@article{sensores,
  title={Acquisition of NIR-Green-Blue Digital Photographs from Unmanned Aircraft for Crop Monitoring},
  author={E. Raymond Hunt and W. Dean Hively and Stephen J. Fujikawa and David S. Linden and Craig S. T. Daughtry and Gregory W. McCarty},
  journal={Remote Sensing},
  year={2010},
  volume={2},
  pages={290-305}
}

@article{sensores2, 
author={J. A. J. Berni and P. J. Zarco-Tejada and L. Suarez and E. Fereres}, 
journal={IEEE Transactions on Geoscience and Remote Sensing}, 
title={Thermal and Narrowband Multispectral Remote Sensing for Vegetation Monitoring From an Unmanned Aerial Vehicle}, 
year={2009}, 
volume={47}, 
number={3}, 
pages={722-738}, 
doi={10.1109/TGRS.2008.2010457}, 
ISSN={0196-2892}, 
month={March},}

@article{agriculturaVant,
AUTHOR = {Zecha, C. W. and Link, J. and Claupein, W.},
TITLE = {Mobile sensor platforms: categorisation and research applications in precision farming},
JOURNAL = {Journal of Sensors and Sensor Systems},
VOLUME = {2},
YEAR = {2013},
NUMBER = {1},
PAGES = {51--72},
URL = {https://www.j-sens-sens-syst.net/2/51/2013/},
DOI = {10.5194/jsss-2-51-2013}
}


@article{FLOYDWARSHALL,
 author = {Floyd, Robert W.},
 title = {Algorithm 97: Shortest Path},
 journal = {Commun. ACM},
 issue_date = {June 1962},
 volume = {5},
 number = {6},
 month = jun,
 year = {1962},
 issn = {0001-0782},
 pages = {345--},
 url = {http://doi.acm.org/10.1145/367766.368168},
 doi = {10.1145/367766.368168},
 acmid = {368168},
 publisher = {ACM},
 address = {New York, NY, USA},
} 

@InProceedings{KRUSKAL,
author="Kruskal, J.B.",
title="On the Shortest Spanning Subtree of a Graph and the Traveling Salesman Problem.",
booktitle=" Proceedings of the American Mathematical Society",
year="1956",
pages="48-50"
}

@InProceedings{adequability,
    title = {Assessing the Adequability of Image Feature Descriptors on Registration of UAV-Multispectral Sensed Data},
    author= {DIAS JUNIOR, J. D and Backes, A. R. and ABDALA, D. D. and Escarpinati, M. C.},
    booktitle = {Proceedings of XIV Workshop de Vis\~ao Computacional},
    year = {2018}
}

@InProceedings{cellclass,
    title = {Cell classification using handcrafted features and bag of visual words},
    author={Faria, L. C., Rodrigues, L. F., Mari, J. F.},
    booktitle = {Proceedings of XIV Workshop de Vis\~ao Computacional},
    year = {2018}
}

@Article{schmid2000,
author="Schmid, Cordelia
and Mohr, Roger
and Bauckhage, Christian",
title="Evaluation of Interest Point Detectors",
journal="International Journal of Computer Vision",
year="2000",
month="Jun",
day="01",
volume="37",
number="2",
pages="151--172",
issn="1573-1405",
doi="10.1023/A:1008199403446",
url="https://doi.org/10.1023/A:1008199403446"
}

@conference{visapp18,
author= {Omitted},
title = {Omitted for double-blind review},
booktitle = {Omitted for double-blind review},
year = {2018}
}

@techreport{AUVSI2013,
     title = {The economic impact of unmanned aircraft
systems integration in the united states march.},
     author = {AUVSI},
     group = {AUVSI},
     year = {2013},
     institution = {The Association for Unmanned Vehicle Systems International}
}

@Article{Daham2018,
author="Daham, Afrah
and Han, Dawei
and Rico-Ramirez, Miguel
and Marsh, Anke",
title="Analysis of NVDI variability in response to precipitation and air temperature in different regions of Iraq, using MODIS vegetation indices",
journal="Environmental Earth Sciences",
year="2018",
month="May",
day="22",
volume="77",
number="10",
pages="389",
issn="1866-6299",
doi="10.1007/s12665-018-7560-x",
url="https://doi.org/10.1007/s12665-018-7560-x"
}

@article{HONG20081708,
title = "Wavelet-based image registration technique for high-resolution remote sensing images",
journal = "Computers \& Geosciences",
volume = "34",
number = "12",
pages = "1708 - 1720",
year = "2008",
issn = "0098-3004",
doi = "https://doi.org/10.1016/j.cageo.2008.03.005",
url = "http://www.sciencedirect.com/science/article/pii/S0098300408001544",
author = "Gang Hong and Yun Zhang"
}

@INPROCEEDINGS{Muja09fastapproximate,
    author = {Marius Muja and David G. Lowe},
    title = {Fast approximate nearest neighbors with automatic algorithm configuration},
    booktitle = {In VISAPP International Conference on Computer Vision Theory and Applications},
    year = {2009},
    pages = {331--340}
}

@book{Wolberg,
 author = {Wolberg, George},
 title = {Digital Image Warping},
 year = {1994},
 isbn = {0818689447},
 edition = {1st},
 publisher = {IEEE Computer Society Press},
 address = {Los Alamitos, CA, USA},
} 

@inproceedings{Uchida2013ImagePA,
  title={Image processing and recognition for biological images},
  author={Seiichi Uchida},
  booktitle={Development, growth \& differentiation},
  year={2013}
}

@MISC{matlab01,
   author =       {MathWorks},
   title =        {Align multiple scenes into a single image using image registration},
   editor =       {Mathworks.com},
   month =        {Dezembro},
   year =         {2018},
   note = {{https://www.mathworks.com/discovery/image-registration.html}
   {[Online; retirado em 15-Dezembro-2018 as 17:47]}},
 }
 

@article{paula,
author = {Leite, Paula and Feitosa, Raul and Formaggio, Antonio and Costa, Gilson and Pakzad, Kian and Sanches, Ieda},
year = {2011},
month = {01},
pages = {19-26},
title = {Hidden Markov Models for crop recognition in remote sensing image sequences},
volume = {32},
journal = {Pattern Recognition Letters},
doi = {10.1016/j.patrec.2010.02.008}
}

@article{ganct,
author = {Meskine, Fatiha and Miloud, chikr el-mezouar and Taleb, Nasreddine},
year = {2010},
month = {09},
pages = {8553-8571},
title = {A Rigid Image Registration Based on the Nonsubsampled Contourlet Transform and Genetic Algorithms},
volume = {10},
journal = {Sensors}
}

@article{featuresDetectors,
author = {I{\c{s}}ık, {\c{S}}ahin},
year = {2014},
month = {01},
pages = {},
title = {A Comparative Evaluation of Well-known Feature Detectors and Descriptors},
volume = {3},
journal = {International Journal of Applied Mathematics, Electronics and Computers},
doi = {10.18100/ijamec.60004}
}

@ARTICLE{PSOSIFT, 
author={W. Ma and Z. Wen and Y. Wu and L. Jiao and M. Gong and Y. Zheng and L. Liu}, 
journal={IEEE Geoscience and Remote Sensing Letters}, 
title={Remote Sensing Image Registration With Modified SIFT and Enhanced Feature Matching}, 
year={2017}, 
volume={14}, 
number={1}, 
pages={3-7}, 
doi={10.1109/LGRS.2016.2600858}, 
ISSN={1545-598X}, 
month={Jan},}

@article{LBP,
title = "A comparative study of texture measures with classification based on featured distributions",
journal = "Pattern Recognition",
volume = "29",
number = "1",
pages = "51 - 59",
year = "1996",
issn = "0031-3203",
doi = "https://doi.org/10.1016/0031-3203(95)00067-4",
url = "http://www.sciencedirect.com/science/article/pii/0031320395000674",
author = "Timo Ojala and Matti Pietikäinen and David Harwood"
}

@unpublished{sobel,
    author = {Sobel, I. and Feldman, G.},
    citeulike-article-id = {12089617},
    note = {Never published but presented at a talk at the Stanford Artificial Project},
    posted-at = {2013-02-27 23:33:12},
    priority = {2},
    title = {{A 3x3 Isotropic Gradient Operator for Image Processing}},
    year = {1968}
}

@MISC{sobelAux,
   author = {R. Fisher, S. Perkins, A. Walker and E. Wolfart.},
   title = {Sobel Edge Detector},
   editor = {homepages.inf.ed.ac.uk},
   month = {Dezembro},
   year = {2018},
   note = {{https://homepages.inf.ed.ac.uk/rbf/HIPR2/sobel.htm}
   {[Online; retirado em 26-Dezembro-2018 as 13:54]}},
 }
 
@MISC{bordaAux,
   author = {R. Fisher, S. Perkins, A. Walker and E. Wolfart.},
   title = {Edge Detectors},
   editor = {homepages.inf.ed.ac.uk},
   month = {Dezembro},
   year = {2018},
   note = {{https://homepages.inf.ed.ac.uk/rbf/HIPR2/edgdetct.htm}
   {[Online; retirado em 27-Dezembro-2018 as 13:04]}},
}
 
@inbook{LBPaux,
author = {Katsigiannis, Stamos},
year = {2014},
month = {01},
pages = {149-175},
title = {Fuzzy Local Binary Patterns},
isbn = {978-3-642-39288-7},
doi = {10.1007/978-3-642-39289-4_7}
}

@article{prewitt,
  title={Object enhancement and extraction},
  author={Prewitt, Judith MS},
  journal={Picture processing and Psychopictorics},
  volume={10},
  number={1},
  pages={15--19},
  year={1970}
}

@phdthesis{roberts,
  title={Machine perception of three-dimensional solids},
  author={Roberts, Lawrence G},
  year={1963},
  school={Massachusetts Institute of Technology}
}

@MISC{robertsAux,
   author = {R. Fisher, S. Perkins, A. Walker and E. Wolfart.},
   title = {Roberts Cross Edge Detector},
   editor = {homepages.inf.ed.ac.uk},
   month = {Dezembro},
   year = {2018},
   note = {{https://homepages.inf.ed.ac.uk/rbf/HIPR2/roberts.htm}
   {[Online; retirado em 26-Dezembro-2018 as 14:13]}},
}


@inproceedings{junior2019detection,
  title={Detection of Control Points for UAV-Multispectral Sensed Data Registration through the Combining of Feature Descriptors.},
  author={Junior, Jocival Dantas Dias and Backes, Andr{\'e} Ricardo and Escarpinati, Maur{\'\i}cio Cunha},
  booktitle={VISIGRAPP (4: VISAPP)},
  pages={444--451},
  year={2019}
}

@article{kumar2014survey,
  title={A survey on image feature descriptors},
  author={Kumar, Rekhil M and Sreekumar, K},
  journal={Int J Comput Sci Inf Technol},
  volume={5},
  pages={7668--7673},
  year={2014},
  publisher={Citeseer}
}


@book{malthus1872essay,
  title={An Essay on the Principle of Population..},
  author={Malthus, Thomas Robert},
  year={1872}
}

@book{hazell2009asian,
  title={The Asian green revolution},
  author={Hazell, Peter BR},
  volume={911},
  year={2009},
  publisher={Intl Food Policy Res Inst}
}

@article{farmer1986perspectives,
  title={Perspectives on the ‘Green Revolution’in South Asia},
  author={Farmer, BH},
  journal={Modern Asian Studies},
  volume={20},
  number={1},
  pages={175--199},
  year={1986},
  publisher={Cambridge University Press}
}

@book{jenkins2013economic,
  title={The economic impact of unmanned aircraft systems integration in the United States},
  author={Jenkins, Darryl and Vasigh, Bijan},
  year={2013},
  publisher={Association for Unmanned Vehicle Systems International (AUVSI)}
}

@article{mcbratney2005future,
  title={Future directions of precision agriculture},
  author={McBratney, Alex and Whelan, Brett and Ancev, Tihomir and Bouma, Johan},
  journal={Precision agriculture},
  volume={6},
  number={1},
  pages={7--23},
  year={2005},
  publisher={Springer}
}

@article{milella2019multi,
  title={A multi-sensor robotic platform for ground mapping and estimation beyond the visible spectrum},
  author={Milella, Annalisa and Reina, Giulio and Nielsen, Michael},
  journal={Precision agriculture},
  volume={20},
  number={2},
  pages={423--444},
  year={2019},
  publisher={Springer}
}

@inproceedings{kataoka2003crop,
  title={Crop growth estimation system using machine vision},
  author={Kataoka, Takashi and Kaneko, Toshihiro and Okamoto, Hiroshi and Hata, S},
  booktitle={Proceedings 2003 IEEE/ASME International Conference on Advanced Intelligent Mechatronics (AIM 2003)},
  volume={2},
  pages={b1079--b1083},
  year={2003},
  organization={IEEE}
}

@article{sankaran2015low,
  title={Low-altitude, high-resolution aerial imaging systems for row and field crop phenotyping: A review},
  author={Sankaran, Sindhuja and Khot, Lav R and Espinoza, Carlos Z{\'u}{\~n}iga and Jarolmasjed, Sanaz and Sathuvalli, Vidyasagar R and Vandemark, George J and Miklas, Phillip N and Carter, Arron H and Pumphrey, Michael O and Knowles, N Richard and others},
  journal={European Journal of Agronomy},
  volume={70},
  pages={112--123},
  year={2015},
  publisher={Elsevier}
}

@article{blackmer1996aerial,
  title={Aerial photography to detect nitrogen stress in corn},
  author={Blackmer, Tracy M and Schepers, James S},
  journal={Journal of Plant Physiology},
  volume={148},
  number={3-4},
  pages={440--444},
  year={1996},
  publisher={Elsevier}
}

@inproceedings{abadi2016tensorflow,
  title={Tensorflow: A system for large-scale machine learning},
  author={Abadi, Mart{\'\i}n and Barham, Paul and Chen, Jianmin and Chen, Zhifeng and Davis, Andy and Dean, Jeffrey and Devin, Matthieu and Ghemawat, Sanjay and Irving, Geoffrey and Isard, Michael and others},
  booktitle={12th $\{$USENIX$\}$ Symposium on Operating Systems Design and Implementation ($\{$OSDI$\}$ 16)},
  pages={265--283},
  year={2016}
}

@article{perez2010python,
  title={Python: an ecosystem for scientific computing},
  author={Perez, Fernando and Granger, Brian E and Hunter, John D},
  journal={Computing in Science \& Engineering},
  volume={13},
  number={2},
  pages={13--21},
  year={2010},
  publisher={IEEE}
}

@InProceedings{Scherer2010,
  title =	"Evaluation of Pooling Operations in Convolutional
		 Architectures for Object Recognition",
  author =	"Dominik Scherer and Andreas C. M{\"u}ller and Sven
		 Behnke",
  booktitle =	"Artificial Neural Networks - ICANN 2010 - 20th
		 International Conference, Thessaloniki, Greece,
		 September 15-18, 2010, Proceedings, Part III",
  publisher =	"Springer",
  year = 	"2010",
  volume =	"6354",
  ISBN = 	"978-3-642-15824-7",
  pages =	"92--101",
  series =	"Lecture Notes in Computer Science",
}

@Article{LeCun2015,
  title =	"Deep learning",
  author =	"Yann Le{C}un and Yoshua Bengio and Geoffrey E. Hinton",
  journal =	"Nature",
  year = 	"2015",
  number =	"7553",
  volume =	"521",
  pages =	"436--444",
}

@Article{Guo2016,
  title =	"Deep learning for visual understanding: A review",
  author =	"Yanming Guo and Yu Liu and Ard Oerlemans and
		 Songyang Lao and Song Wu and Michael S. Lew",
  journal =	"Neurocomputing",
  year = 	"2016",
  volume =	"187",
  pages =	"27--48",
}

@Article{Lecun1998,
  author =	"Y. L. Le{C}un and L. Bottou and Y. Bengio and P. Haffner",
  title =	"Gradient-Based Learning applied to Document Recognition",
  journal =	"Proceedings of IEEE",
  volume =	"86",
  year = 	"1998",
  number =	"11",
  month =	nov,
  pages =	"2278--2324",
}

@InProceedings{Ponti2017,
  title =	"Everything You Wanted to Know about Deep Learning for Computer Vision but Were Afraid to Ask",
  author =	"Moacir Antonelli Ponti and Leonardo Sampaio Ferraz Ribeiro and Tiago Santana Nazar{\'e} and Tu Bui and John Collomosse",
  publisher =	"IEEE Computer Society",
  year = 	"2017",
  booktitle =	"SIBGRAPI Tutorials",
  ISBN = 	"978-1-5386-0619-3",
  pages =	"17--41",
}

@inproceedings{unet,
  title={U-net: Convolutional networks for biomedical image segmentation},
  author={Ronneberger, Olaf and Fischer, Philipp and Brox, Thomas},
  booktitle={International Conference on Medical image computing and computer-assisted intervention},
  pages={234--241},
  year={2015},
  organization={Springer}
}

@inproceedings{long2015fully,
  title={Fully convolutional networks for semantic segmentation},
  author={Long, Jonathan and Shelhamer, Evan and Darrell, Trevor},
  booktitle={Proceedings of the IEEE conference on computer vision and pattern recognition},
  pages={3431--3440},
  year={2015}
}

@inproceedings{rao2016deep,
  title={A Deep Siamese Neural Network Learns the Human-Perceived Similarity Structure of Facial Expressions Without Explicit Categories.},
  author={Rao, Sanjeev Jagannatha and Wang, Yufei and Cottrell, Garrison W},
  booktitle={CogSci},
  year={2016}
}

@inproceedings{bromley1994signature,
  title={Signature verification using a" siamese" time delay neural network},
  author={Bromley, Jane and Guyon, Isabelle and LeCun, Yann and S{\"a}ckinger, Eduard and Shah, Roopak},
  booktitle={Advances in neural information processing systems},
  pages={737--744},
  year={1994}
}

@book{hassoun1995fundamentals,
  title={Fundamentals of artificial neural networks},
  author={Hassoun, Mohamad H and others},
  year={1995},
  publisher={MIT press}
}

@article{iglovikov2018ternausnet,
  title={Ternausnet: U-net with vgg11 encoder pre-trained on imagenet for image segmentation},
  author={Iglovikov, Vladimir and Shvets, Alexey},
  journal={arXiv preprint arXiv:1801.05746},
  year={2018}
}

@inproceedings{yasir2018data,
  title={Data-driven multispectral image registration},
  author={Yasir, Rahat and Eramian, Mark and Stavness, Ian and Shirtliffe, Steve and Duddu, Hema},
  booktitle={2018 15th Conference on Computer and Robot Vision (CRV)},
  pages={230--237},
  year={2018},
  organization={IEEE}
}

@article{thome2002redes,
  title={Redes neurais: uma ferramenta para KDD e data mining},
  author={Thom{\'e}, Antonio Carlos Gay},
  journal={Material Did{\'a}tico http://equipe. nce. ufrj. br/thome/grad/nn/mat\_didatico/apostila\_kdd\_mbi. pdf, Outubro},
  year={2002}
}

@article{daalvaro,
  title={Estudo de Métodos Classificatórios da Atenção Seletiva Auditiva a Partir de Potenciais Cerebrais Evocados},
  author={Alvaro Furlani Bastos},
  year={2014}
}

@book{fausett2006fundamentals,
  title={Fundamentals of neural networks: architectures, algorithms and applications},
  author={Fausett, Laurene V},
  year={2006},
  publisher={Pearson Education India}
}

@misc{IBGE,
  title = {Levantamento Sistemático da Produção Agrícola - LSPA},
  howpublished = {Disponível em: \url{https://www.ibge.gov.br/estatisticas/economicas/agricultura-e-pecuaria/9201-levantamento-sistematico-da-producao-agricola.html}},
  author={IBGE},
  year={2020},
  note = {Accesso em: 12/09/2020}
}

@misc{IBGE2,
  title = {Produto Interno Bruto - PIB},
  howpublished = {Disponível em: \url{https://www.ibge.gov.br/explica/pib.php}},
  author={IBGE},
  year={2020},
  note = {Accesso em: 12/09/2020}
}


@article{heo2019deep,
  title={Deep learning algorithms with demographic information help to detect tuberculosis in chest radiographs in annual workers’ health examination data},
  author={Heo, Seok-Jae and Kim, Yangwook and Yun, Sehyun and Lim, Sung-Shil and Kim, Jihyun and Nam, Chung-Mo and Park, Eun-Cheol and Jung, Inkyung and Yoon, Jin-Ha},
  journal={International journal of environmental research and public health},
  volume={16},
  number={2},
  pages={250},
  year={2019},
  publisher={Multidisciplinary Digital Publishing Institute}
}


@misc{UN2020,
  title = {Population Division = {Disponível em: \url{https://www.un.org/development/desa/pd/}}},
  author={UN, United Nations},
  year={2020},
  note = {Accesso em: 20/10/2020}
}

@misc{Demografia2020,
  title = {Population Division = {Disponível em: \url{https://brasilescola.uol.com.br/geografia/explosao-demografica.htm}}},
  author={PENA, Rodolfo F. Alves},
  year={2013},
  note = {Accesso em: 29/10/2020}
}


@misc{UNCovid,
  title = {COVID-19 Response = {Disponível em: \url{https://www.un.org/en/coronavirus}}},
  author={UN, United Nations},
  year={2020},
  note = {Accesso em: 20/10/2020}
}


@article{banerjee2018alignment,
  title={Alignment of UAV-hyperspectral bands using keypoint descriptors in a spectrally complex environment},
  author={Banerjee, Bikram Pratap and Raval, Simitkumar Anuray and Cullen, Patrick Joseph},
  journal={Remote Sensing Letters},
  volume={9},
  number={6},
  pages={524--533},
  year={2018},
  publisher={Taylor \& Francis}
}

@book{malthus1992malthus,
  title={Malthus:'An Essay on the Principle of Population'},
  author={Malthus, Thomas Robert and Winch, Donald and James, Patricia},
  year={1992},
  publisher={Cambridge University Press}
}

@article{dias2020uav,
  title={UAV-Multispectral Sensed Data Band Co-Registration Framework},
  author={Dias Junior, Jocival Dantas and others},
  year={2020},
  publisher={Universidade Federal de Uberl{\^a}ndia}
}

@article{khanal2017overview,
  title={An overview of current and potential applications of thermal remote sensing in precision agriculture},
  author={Khanal, Sami and Fulton, John and Shearer, Scott},
  journal={Computers and Electronics in Agriculture},
  volume={139},
  pages={22--32},
  year={2017},
  publisher={Elsevier}
}

@incollection{zarco2016new,
  title={New tools and methods in agronomy},
  author={Zarco-Tejada, Pablo J and Mateos, Luciano and Fereres, Elias and Villalobos, Francisco J},
  booktitle={Principles of Agronomy for Sustainable Agriculture},
  pages={503--514},
  year={2016},
  publisher={Springer}
}

@article{dyrmann2016plant,
  title={Plant species classification using deep convolutional neural network},
  author={Dyrmann, Mads and Karstoft, Henrik and Midtiby, Henrik Skov},
  journal={Biosystems Engineering},
  volume={151},
  pages={72--80},
  year={2016},
  publisher={Elsevier}
}

@article{ihuoma2017recent,
  title={Recent advances in crop water stress detection},
  author={Ihuoma, Samuel O and Madramootoo, Chandra A},
  journal={Computers and Electronics in Agriculture},
  volume={141},
  pages={267--275},
  year={2017},
  publisher={Elsevier}
}


@article{maes2019perspectives,
  title={Perspectives for remote sensing with unmanned aerial vehicles in precision agriculture},
  author={Maes, Wouter H and Steppe, Kathy},
  journal={Trends in plant science},
  volume={24},
  number={2},
  pages={152--164},
  year={2019},
  publisher={Elsevier}
}

@article{da2015light,
  title={The Light and the Sunscreens: A Social-Theme},
  author={da Silva, Roberto R and Machado, Patricia Fernandes L and da Rocha, Ronaldo Jose and Silva, Silvio Celio F},
  journal={REVISTA VIRTUAL DE QUIMICA},
  volume={7},
  number={1},
  pages={218--241},
  year={2015},
  publisher={BRAZILIAN CHEMICAL SOC SECRETERIA REGIONAL RIO DO JANEIRO, UNIV FED~…}
}

@article{eppenhof2019progressively,
  title={Progressively trained convolutional neural networks for deformable image registration},
  author={Eppenhof, Koen AJ and Lafarge, Maxime W and Veta, Mitko and Pluim, Josien PW},
  journal={IEEE Transactions on Medical Imaging},
  volume={39},
  number={5},
  pages={1594--1604},
  year={2019},
  publisher={IEEE}
}